@Article{Anu,
	author = "Maria Anu",
	title  = "Introduction to modeling and simulation",
	school = "State University of New York at Binghamton"
}

@Article{Mahoney,
	author = "Kevin Mahoney",
	title  = "Model Validation Techniques",
	year   = 2010
}

@Article{Totkov,
	author = "Георги Тотков",
	title  = "Концептуално и компютърно моделиране на езикови структури и процеси (с приложения за българския език)",
	year   = 2004
}

@Article{Holzkorn,
	author = "Peter Holzkorn",
	title  = "Physics Simulation in Games",
	school = "Institute for Design and Assessment of Research of the University of Vienna",
	year   = 2008
}

@Article{Microsoft,
	author = "Microsoft Corporation",
	title  = "Usability in Software Design",
	year   = 2000
}

@Article{AOP,
	title        = "Aspect-Oriented Programming – Case Study Experiences",
	author       = "Yuliyan Kiryakov and John Galletly",
	howpublished = "\url{http://home.aubg.bg/faculty/jgalletly/Aspect-oriented%20programming-case%20study.doc}",
	year         = 2003
}

@Misc{Simplex3,
	howpublished = "\url{http://www.simplex3.net/Body/Introduction/English/indexAbstract.html}"
}

@Misc{AnyLogic,
	howpublished = "\url{http://www.xjtek.com/anylogic/why_anylogic/}"
}

@Misc{Tortuga,
	howpublished = "\url{http://code.google.com/p/tortugades/}",
	year         = 2004
}

@Misc{SimPy,
	howpublished = "\url{http://simpy.sourceforge.net/}"
}