@Article{Anu,
	author = "Maria Anu",
	title  = "Introduction to modeling and simulation"
	school = "State University of New York at Binghamton"
}

@Article{Mahoney,
	author = "Kevin Mahoney"
	title  = "Model Validation Techniques"
	year   = 2010
}

@Article{Totkov,
	author = "Георги Тотков"
	title  = "Концептуално и компютърно моделиране на езикови структури и процеси (с приложения за българския език)"
	year   = 2004
}

@Article{Holzkorn,
	author = "Peter Holzkorn"
	title  = "Physics Simulation in Games"
	school = "Institute for Design and Assessment of Research of the University of Vienna"
	year   = 2008
}

@Article{Microsoft,
	author = "Microsoft Corporation"
	title  = "Usability in Software Design"
	year   = 2000
}